<record><leader>00000cas a22000007a 4500</leader><controlfield tag="001">13107473</controlfield><controlfield tag="008">860205d19681985iduwr ne      0    0eng d</controlfield><datafield ind1=" " ind2=" " tag="010"><subfield code="a">sn 86091097 </subfield></datafield><datafield ind1=" " ind2=" " tag="040"><subfield code="a">UNP</subfield><subfield code="b">eng</subfield><subfield code="c">UNP</subfield><subfield code="d">NVB</subfield><subfield code="d">OCLCQ</subfield><subfield code="d">OCLCF</subfield><subfield code="d">OCLCO</subfield></datafield><datafield ind1="1" ind2=" " tag="029"><subfield code="a">AU@</subfield><subfield code="b">000025795081</subfield></datafield><datafield ind1=" " ind2=" " tag="042"><subfield code="a">msc</subfield></datafield><datafield ind1=" " ind2=" " tag="043"><subfield code="a">n-us-id</subfield></datafield><datafield ind1=" " ind2="4" tag="050"><subfield code="a">AN2.I2</subfield><subfield code="b">G39</subfield></datafield><datafield ind1="0" ind2="4" tag="245"><subfield code="a">The Gazette-news.</subfield></datafield><datafield ind1=" " ind2=" " tag="260"><subfield code="a">Kendrick, Idaho :</subfield><subfield code="b">J.L. and W.A. Roth,</subfield><subfield code="c">1968-1985.</subfield></datafield><datafield ind1=" " ind2=" " tag="300"><subfield code="a">v. :</subfield><subfield code="b">ill.</subfield></datafield><datafield ind1=" " ind2=" " tag="310"><subfield code="a">Weekly</subfield></datafield><datafield ind1="0" ind2=" " tag="362"><subfield code="a">Vol. 78, no. 34 (Aug. 22, 1968)-v. 95, no. 25 (June 27, 1985).</subfield></datafield><datafield ind1=" " ind2="0" tag="651"><subfield code="a">Kendrick (Idaho)</subfield><subfield code="v">Newspapers.</subfield></datafield><datafield ind1=" " ind2="0" tag="651"><subfield code="a">Genesee (Idaho)</subfield><subfield code="v">Newspapers.</subfield></datafield><datafield ind1=" " ind2="7" tag="655"><subfield code="a">Newspapers.</subfield><subfield code="2">fast</subfield><subfield code="0">(OCoLC)fst01423814</subfield></datafield><datafield ind1=" " ind2="7" tag="651"><subfield code="a">Idaho</subfield><subfield code="z">Genesee.</subfield><subfield code="2">fast</subfield><subfield code="0">(OCoLC)fst01288685</subfield></datafield><datafield ind1=" " ind2="7" tag="651"><subfield code="a">Idaho</subfield><subfield code="z">Kendrick.</subfield><subfield code="2">fast</subfield><subfield code="0">(OCoLC)fst01266751</subfield></datafield><datafield ind1=" " ind2=" " tag="752"><subfield code="a">United States</subfield><subfield code="b">Idaho</subfield><subfield code="c">Latah</subfield><subfield code="d">Kendrick.</subfield></datafield><datafield ind1=" " ind2=" " tag="752"><subfield code="a">United States</subfield><subfield code="b">Idaho</subfield><subfield code="c">Latah</subfield><subfield code="d">Genesee.</subfield></datafield><datafield ind1="0" ind2="4" tag="780"><subfield code="t">Genesee news</subfield><subfield code="w">(DLC)sn 86091085</subfield><subfield code="w">(OCoLC)13089719</subfield></datafield><datafield ind1="0" ind2="4" tag="780"><subfield code="t">Kendrick gazette</subfield><subfield code="w">(DLC)sn 86091096</subfield><subfield code="w">(OCoLC)13107424</subfield></datafield><datafield ind1="0" ind2="4" tag="785"><subfield code="t">Whitman-Latah republic</subfield><subfield code="w">(DLC)sn 87007802</subfield></datafield></record>